<?xml version="1.0" encoding="UTF-8"?>
  <record xmlns="http://www.loc.gov/MARC21/slim" type="Authority">
    <leader>00000nz  a2200000nc 4500</leader>
    <controlfield tag="001">11853596X</controlfield>
    <controlfield tag="003">DE-101</controlfield>
    <controlfield tag="005">20220721175538.0</controlfield>
    <controlfield tag="008">880701n||azznnaabn           | aaa    |c</controlfield>
    <datafield tag="024" ind1="7" ind2=" ">
      <subfield code="a">11853596X</subfield>
      <subfield code="0">http://d-nb.info/gnd/11853596X</subfield>
      <subfield code="2">gnd</subfield>
    </datafield>
    <datafield tag="024" ind1="7" ind2=" ">
      <subfield code="a">n81052570</subfield>
      <subfield code="2">lccn</subfield>
    </datafield>
    <datafield tag="024" ind1="7" ind2=" ">
      <subfield code="a">Q152727</subfield>
      <subfield code="2">wikidata</subfield>
    </datafield>
    <datafield tag="035" ind1=" " ind2=" ">
      <subfield code="a">(DE-101)11853596X</subfield>
    </datafield>
    <datafield tag="035" ind1=" " ind2=" ">
      <subfield code="a">(DE-588)11853596X</subfield>
    </datafield>
    <datafield tag="035" ind1=" " ind2=" ">
      <subfield code="z">(DE-588)1122847912</subfield>
    </datafield>
    <datafield tag="035" ind1=" " ind2=" ">
      <subfield code="z">(DE-588)186770626</subfield>
    </datafield>
    <datafield tag="035" ind1=" " ind2=" ">
      <subfield code="z">(DE-588a)186770626</subfield>
      <subfield code="9">v:zg</subfield>
    </datafield>
    <datafield tag="035" ind1=" " ind2=" ">
      <subfield code="z">(DE-588a)11853596X</subfield>
      <subfield code="9">v:zg</subfield>
    </datafield>
    <datafield tag="035" ind1=" " ind2=" ">
      <subfield code="z">(DE-588c)4018584-9</subfield>
      <subfield code="9">v:zg</subfield>
    </datafield>
    <datafield tag="040" ind1=" " ind2=" ">
      <subfield code="a">DE-101</subfield>
      <subfield code="c">DE-101</subfield>
      <subfield code="9">r:DE-101</subfield>
      <subfield code="b">ger</subfield>
      <subfield code="d">9999</subfield>
      <subfield code="e">rda</subfield>
    </datafield>
    <datafield tag="042" ind1=" " ind2=" ">
      <subfield code="a">gnd1</subfield>
    </datafield>
    <datafield tag="043" ind1=" " ind2=" ">
      <subfield code="c">XA-DE</subfield>
    </datafield>
    <datafield tag="065" ind1=" " ind2=" ">
      <subfield code="a">16.5p</subfield>
      <subfield code="2">sswd</subfield>
    </datafield>
    <datafield tag="075" ind1=" " ind2=" ">
      <subfield code="b">p</subfield>
      <subfield code="2">gndgen</subfield>
    </datafield>
    <datafield tag="075" ind1=" " ind2=" ">
      <subfield code="b">piz</subfield>
      <subfield code="2">gndspec</subfield>
    </datafield>
    <datafield tag="079" ind1=" " ind2=" ">
      <subfield code="a">g</subfield>
      <subfield code="q">a</subfield>
      <subfield code="q">f</subfield>
      <subfield code="q">s</subfield>
      <subfield code="q">h</subfield>
      <subfield code="q">d</subfield>
      <subfield code="u">v</subfield>
      <subfield code="u">w</subfield>
      <subfield code="u">o</subfield>
    </datafield>
    <datafield tag="100" ind1="0" ind2=" ">
      <subfield code="a">Friedrich Wilhelm</subfield>
      <subfield code="c">Brandenburg, Kurfürst</subfield>
      <subfield code="d">1620-1688</subfield>
    </datafield>
    <datafield tag="375" ind1=" " ind2=" ">
      <subfield code="a">1</subfield>
      <subfield code="2">iso5218</subfield>
    </datafield>
    <datafield tag="400" ind1="0" ind2=" ">
      <subfield code="a">Friedrich Wilhelm</subfield>
      <subfield code="c">der Große Kurfürst</subfield>
      <subfield code="d">1620-1688</subfield>
    </datafield>
    <datafield tag="400" ind1="0" ind2=" ">
      <subfield code="a">Friedrich Wilhelm</subfield>
      <subfield code="c">Großer Kurfürst</subfield>
      <subfield code="d">1620-1688</subfield>
    </datafield>
    <datafield tag="400" ind1="0" ind2=" ">
      <subfield code="a">Friedrich Wilhelm</subfield>
      <subfield code="c">der Grosse Kurfürst</subfield>
      <subfield code="d">1620-1688</subfield>
    </datafield>
    <datafield tag="400" ind1="0" ind2=" ">
      <subfield code="a">Fredericus Guilielmus</subfield>
      <subfield code="c">Brandeburgum, Marchio, Heres</subfield>
      <subfield code="d">1620-1688</subfield>
    </datafield>
    <datafield tag="400" ind1="0" ind2=" ">
      <subfield code="a">Fridericus Guilielmus</subfield>
      <subfield code="c">Brandeburgum, Marchio</subfield>
      <subfield code="d">1620-1688</subfield>
    </datafield>
    <datafield tag="400" ind1="0" ind2=" ">
      <subfield code="a">Fridericus Gulielmus</subfield>
      <subfield code="c">Brandeburgum, Marchio</subfield>
      <subfield code="d">1620-1688</subfield>
    </datafield>
    <datafield tag="400" ind1="0" ind2=" ">
      <subfield code="a">Fridericus Guilielmus</subfield>
      <subfield code="c">Brandeburgum, Elector</subfield>
      <subfield code="d">1620-1688</subfield>
    </datafield>
    <datafield tag="400" ind1="0" ind2=" ">
      <subfield code="a">Fridericus Wilhelmus</subfield>
      <subfield code="c">Brandeburgum, Elector</subfield>
      <subfield code="d">1620-1688</subfield>
    </datafield>
    <datafield tag="400" ind1="0" ind2=" ">
      <subfield code="a">Fridericus Wilhelmus</subfield>
      <subfield code="c">Brandenburg, Markgraf</subfield>
      <subfield code="d">1620-1688</subfield>
    </datafield>
    <datafield tag="400" ind1="0" ind2=" ">
      <subfield code="a">Fridericus Vilelmus</subfield>
      <subfield code="c">Brandeburgum, Elector</subfield>
      <subfield code="d">1620-1688</subfield>
    </datafield>
    <datafield tag="400" ind1="0" ind2=" ">
      <subfield code="a">Friderich Wilhelm</subfield>
      <subfield code="c">Brandenburg, Marggraf</subfield>
      <subfield code="d">1620-1688</subfield>
    </datafield>
    <datafield tag="400" ind1="0" ind2=" ">
      <subfield code="a">Friederich Wilhelm</subfield>
      <subfield code="c">Brandenburg, Kurfürst</subfield>
      <subfield code="d">1620-1688</subfield>
    </datafield>
    <datafield tag="400" ind1="0" ind2=" ">
      <subfield code="a">Friedrich Wilhelm</subfield>
      <subfield code="c">Cammin, Fürst</subfield>
      <subfield code="d">1620-1688</subfield>
    </datafield>
    <datafield tag="400" ind1="0" ind2=" ">
      <subfield code="a">Friedrich Wilhelm</subfield>
      <subfield code="c">Hohenzollern, Graf</subfield>
      <subfield code="d">1620-1688</subfield>
    </datafield>
    <datafield tag="400" ind1="0" ind2=" ">
      <subfield code="a">Friderich Wilhelm</subfield>
      <subfield code="c">Preußen, Herzog</subfield>
      <subfield code="d">1620-1688</subfield>
    </datafield>
    <datafield tag="400" ind1="0" ind2=" ">
      <subfield code="a">Friedrich Wilhelm</subfield>
      <subfield code="c">Heiliges Römisches Reich, Kurfürst</subfield>
      <subfield code="d">1620-1688</subfield>
    </datafield>
    <datafield tag="400" ind1="0" ind2=" ">
      <subfield code="a">Friedrich Wilhelm</subfield>
      <subfield code="c">von Hohenzollern</subfield>
      <subfield code="d">1620-1688</subfield>
    </datafield>
    <datafield tag="400" ind1="0" ind2=" ">
      <subfield code="a">Frédéric Guillaume</subfield>
      <subfield code="c">Brandenbourg, Electeur</subfield>
      <subfield code="d">1620-1688</subfield>
    </datafield>
    <datafield tag="400" ind1="0" ind2=" ">
      <subfield code="a">Fridericus Wilhelmus</subfield>
      <subfield code="c">Brandenburgum, Marchio</subfield>
      <subfield code="d">1620-1688</subfield>
    </datafield>
    <datafield tag="400" ind1="0" ind2=" ">
      <subfield code="a">Friderich Wilhelm</subfield>
      <subfield code="c">Brandenburg, Kurfürst</subfield>
      <subfield code="d">1620-1688</subfield>
    </datafield>
    <datafield tag="400" ind1="0" ind2=" ">
      <subfield code="a">Fridericus Wilhelmus</subfield>
      <subfield code="c">Brandenburg, Kurfürst</subfield>
      <subfield code="d">1620-1688</subfield>
    </datafield>
    <datafield tag="400" ind1="0" ind2=" ">
      <subfield code="a">Friderich Wilhelm</subfield>
      <subfield code="c">Brandenburg, Markgraf</subfield>
      <subfield code="d">1620-1688</subfield>
    </datafield>
    <datafield tag="400" ind1="0" ind2=" ">
      <subfield code="a">Friederich Wilhelm</subfield>
      <subfield code="c">Brandenburg, Marggrave</subfield>
      <subfield code="d">1620-1688</subfield>
    </datafield>
    <datafield tag="400" ind1="0" ind2=" ">
      <subfield code="a">Fridericus Wilhelmus</subfield>
      <subfield code="c">Brandenburgensis, Marggravius</subfield>
      <subfield code="d">1620-1688</subfield>
    </datafield>
    <datafield tag="400" ind1="0" ind2=" ">
      <subfield code="a">Friederich Wilhelm</subfield>
      <subfield code="c">Brandenburg, Markgraf</subfield>
      <subfield code="d">1620-1688</subfield>
    </datafield>
    <datafield tag="400" ind1="0" ind2=" ">
      <subfield code="a">Friedrich Wilhelm</subfield>
      <subfield code="c">Brandenburg, Markgraf</subfield>
      <subfield code="d">1620-1688</subfield>
    </datafield>
    <datafield tag="400" ind1="0" ind2=" ">
      <subfield code="a">Friedrich Wilhelm</subfield>
      <subfield code="c">der Große</subfield>
      <subfield code="d">1620-1688</subfield>
    </datafield>
    <datafield tag="400" ind1="0" ind2=" ">
      <subfield code="a">Friedrich Wilhelm</subfield>
      <subfield code="c">Halberstadt, Fürst</subfield>
      <subfield code="d">1620-1688</subfield>
    </datafield>
    <datafield tag="400" ind1="0" ind2=" ">
      <subfield code="a">Friedrich Wilhelm</subfield>
      <subfield code="c">Jülich-Cleve-Berg, Herzog</subfield>
      <subfield code="d">1620-1688</subfield>
    </datafield>
    <datafield tag="400" ind1="0" ind2=" ">
      <subfield code="a">Friedrich Wilhelm</subfield>
      <subfield code="c">Krossen, Herzog</subfield>
      <subfield code="d">1620-1688</subfield>
    </datafield>
    <datafield tag="400" ind1="0" ind2=" ">
      <subfield code="a">Friedrich Wilhelm</subfield>
      <subfield code="c">Magdeburg, Herzog</subfield>
      <subfield code="d">1620-1688</subfield>
    </datafield>
    <datafield tag="400" ind1="0" ind2=" ">
      <subfield code="a">Friedrich Wilhelm</subfield>
      <subfield code="c">Minden, Fürst</subfield>
      <subfield code="d">1620-1688</subfield>
    </datafield>
    <datafield tag="400" ind1="0" ind2=" ">
      <subfield code="a">Friedrich Wilhelm</subfield>
      <subfield code="c">Nürnberg, Burggraf</subfield>
      <subfield code="d">1620-1688</subfield>
    </datafield>
    <datafield tag="400" ind1="0" ind2=" ">
      <subfield code="a">Friedrich Wilhelm</subfield>
      <subfield code="c">Pommern, Herzog</subfield>
      <subfield code="d">1620-1688</subfield>
    </datafield>
    <datafield tag="400" ind1="0" ind2=" ">
      <subfield code="a">Friedrich Wilhelm</subfield>
      <subfield code="c">Schlesien, Herzog</subfield>
      <subfield code="d">1620-1688</subfield>
    </datafield>
    <datafield tag="400" ind1="0" ind2=" ">
      <subfield code="a">Friedrich Wilhelm</subfield>
      <subfield code="c">Schwiebus, Herzog</subfield>
      <subfield code="d">1620-1688</subfield>
    </datafield>
    <datafield tag="400" ind1="0" ind2=" ">
      <subfield code="a">Friedrich Wilhelm</subfield>
      <subfield code="c">Stettin, Herzog</subfield>
      <subfield code="d">1620-1688</subfield>
    </datafield>
    <datafield tag="400" ind1="0" ind2=" ">
      <subfield code="a">Friedrich Wilhelm</subfield>
      <subfield code="c">zu Bütow</subfield>
      <subfield code="d">1620-1688</subfield>
    </datafield>
    <datafield tag="400" ind1="0" ind2=" ">
      <subfield code="a">Friedrich Wilhelm</subfield>
      <subfield code="c">zu Ravenstein</subfield>
      <subfield code="d">1620-1688</subfield>
    </datafield>
    <datafield tag="400" ind1="1" ind2=" ">
      <subfield code="a">Ravenstein, Friedrich Wilhelm &#152;zu&#156;</subfield>
      <subfield code="d">1620-1688</subfield>
    </datafield>
    <datafield tag="400" ind1="1" ind2=" ">
      <subfield code="a">Ravensberg, Friedrich Wilhelm &#152;zu&#156;</subfield>
      <subfield code="d">1620-1688</subfield>
    </datafield>
    <datafield tag="400" ind1="0" ind2=" ">
      <subfield code="a">Fedrico Guglielmo</subfield>
      <subfield code="c">Brandenburg, Kurfürst</subfield>
      <subfield code="d">1620-1688</subfield>
    </datafield>
    <datafield tag="400" ind1="0" ind2=" ">
      <subfield code="a">Frédéric Guillaume</subfield>
      <subfield code="c">le Grand</subfield>
      <subfield code="d">1620-1688</subfield>
    </datafield>
    <datafield tag="400" ind1="0" ind2=" ">
      <subfield code="a">Frédéric Guillaume</subfield>
      <subfield code="c">Brandenburg, Kurfürst</subfield>
      <subfield code="d">1620-1688</subfield>
    </datafield>
    <datafield tag="400" ind1="0" ind2=" ">
      <subfield code="a">Frederick William</subfield>
      <subfield code="c">Brandenburgh, Elector</subfield>
      <subfield code="d">1620-1688</subfield>
    </datafield>
    <datafield tag="400" ind1="0" ind2=" ">
      <subfield code="a">Friedrich Wilhelm</subfield>
      <subfield code="c">Preußen, Herzog</subfield>
      <subfield code="d">1620-1688</subfield>
    </datafield>
    <datafield tag="400" ind1="0" ind2=" ">
      <subfield code="a">Friderich Wilhelm</subfield>
      <subfield code="c">Cammin, Fürst</subfield>
      <subfield code="d">1620-1688</subfield>
    </datafield>
    <datafield tag="400" ind1="0" ind2=" ">
      <subfield code="a">Friderich Wilhelm</subfield>
      <subfield code="c">Preüssen, Herzog</subfield>
      <subfield code="d">1620-1688</subfield>
    </datafield>
    <datafield tag="400" ind1="0" ind2=" ">
      <subfield code="a">Friderich Wilhelm</subfield>
      <subfield code="c">Hohenzollern, Graf</subfield>
      <subfield code="d">1620-1688</subfield>
    </datafield>
    <datafield tag="400" ind1="0" ind2=" ">
      <subfield code="a">Friderich Wilhelm</subfield>
      <subfield code="c">der Große</subfield>
      <subfield code="d">1620-1688</subfield>
    </datafield>
    <datafield tag="400" ind1="0" ind2=" ">
      <subfield code="a">Fridericus Guilielmus</subfield>
      <subfield code="c">Brandenburg, Kurfürst</subfield>
      <subfield code="d">1620-1688</subfield>
    </datafield>
    <datafield tag="400" ind1="0" ind2=" ">
      <subfield code="a">Fridericus Wilhelmus</subfield>
      <subfield code="c">Brandenburg, Elector</subfield>
      <subfield code="d">1620-1688</subfield>
    </datafield>
    <datafield tag="400" ind1="0" ind2=" ">
      <subfield code="a">Fréd́eric Guillaume</subfield>
      <subfield code="c">Brandenbourg, Electeur</subfield>
      <subfield code="d">1620-1688</subfield>
    </datafield>
    <datafield tag="400" ind1="0" ind2=" ">
      <subfield code="a">Friedrich Wilhelm</subfield>
      <subfield code="c">Römisch-Deutsches Reich, Kurfürst</subfield>
      <subfield code="d">1620-1688</subfield>
    </datafield>
    <datafield tag="400" ind1="0" ind2=" ">
      <subfield code="a">Friedrich Wilhelm</subfield>
      <subfield code="d">1620-1688</subfield>
    </datafield>
    <datafield tag="400" ind1="0" ind2=" ">
      <subfield code="a">Fryderyk Wilhelm</subfield>
      <subfield code="d">1620-1688</subfield>
    </datafield>
    <datafield tag="400" ind1="0" ind2=" ">
      <subfield code="a">Friedrich Wilhelm</subfield>
      <subfield code="c">Kurfürst von Brandenburg</subfield>
      <subfield code="d">1620-1688</subfield>
    </datafield>
    <datafield tag="400" ind1="0" ind2=" ">
      <subfield code="9">L:fre</subfield>
      <subfield code="a">Friedrich Wilhelm</subfield>
      <subfield code="c">Electeur de Brandenbourg</subfield>
      <subfield code="d">1620-1688</subfield>
      <subfield code="5">CH-GND</subfield>
    </datafield>
    <datafield tag="400" ind1="0" ind2=" ">
      <subfield code="9">L:eng</subfield>
      <subfield code="a">Friedrich Wilhelm</subfield>
      <subfield code="c">Elector of Brandenburg</subfield>
      <subfield code="d">1620-1688</subfield>
      <subfield code="5">CH-GND</subfield>
    </datafield>
    <datafield tag="400" ind1="0" ind2=" ">
      <subfield code="a">Friedrich Wilhelm</subfield>
      <subfield code="c">Der Grosse Kurfürst</subfield>
      <subfield code="d">1620-1688</subfield>
    </datafield>
    <datafield tag="400" ind1="0" ind2=" ">
      <subfield code="a">Friedrich Wilhelm</subfield>
      <subfield code="c">Le Grand Electeur</subfield>
      <subfield code="d">1620-1688</subfield>
    </datafield>
    <datafield tag="400" ind1="0" ind2=" ">
      <subfield code="a">Friedrich Wilhelm</subfield>
      <subfield code="c">The Great Elector</subfield>
      <subfield code="d">1620-1688</subfield>
    </datafield>
    <datafield tag="400" ind1="1" ind2=" ">
      <subfield code="a">Brandenburg, Friedrich Wilhelm</subfield>
      <subfield code="c">Kurfürst von</subfield>
      <subfield code="d">1620-1688</subfield>
    </datafield>
    <datafield tag="400" ind1="0" ind2=" ">
      <subfield code="a">Fridericus Wilhelmus</subfield>
      <subfield code="c">Magnus Elector Brandenburgicus</subfield>
      <subfield code="d">1620-1688</subfield>
    </datafield>
    <datafield tag="400" ind1="0" ind2=" ">
      <subfield code="a">Friedrich Wilhelm</subfield>
      <subfield code="c">Der Untadelige, Kurfürst von Brandenburg</subfield>
      <subfield code="d">1620-1688</subfield>
    </datafield>
    <datafield tag="400" ind1="0" ind2=" ">
      <subfield code="a">Friedrich Wilhelm</subfield>
      <subfield code="c">Kurfürst zu Brandenburg</subfield>
      <subfield code="d">1620-1688</subfield>
    </datafield>
    <datafield tag="400" ind1="0" ind2=" ">
      <subfield code="a">Friderich Wilhelm</subfield>
      <subfield code="c">Kurfürst zu Brandenburg</subfield>
      <subfield code="d">1620-1688</subfield>
    </datafield>
    <datafield tag="400" ind1="0" ind2=" ">
      <subfield code="a">Friedrich Wilhelm</subfield>
      <subfield code="c">der Grosse</subfield>
      <subfield code="d">1620-1688</subfield>
    </datafield>
    <datafield tag="400" ind1="0" ind2=" ">
      <subfield code="a">Fredericus Guilielmus</subfield>
      <subfield code="c">Marchio Brandeburgicus</subfield>
      <subfield code="d">1620-1688</subfield>
    </datafield>
    <datafield tag="400" ind1="0" ind2=" ">
      <subfield code="a">Fredericus Guilielmus</subfield>
      <subfield code="c">Marchio Brandenburgicus</subfield>
      <subfield code="d">1620-1688</subfield>
    </datafield>
    <datafield tag="400" ind1="0" ind2=" ">
      <subfield code="a">Фридрих Вильгельм</subfield>
      <subfield code="c">Бранденбург, Курфюрст</subfield>
      <subfield code="d">1620-1688</subfield>
    </datafield>
    <datafield tag="500" ind1="0" ind2=" ">
      <subfield code="0">(DE-101)102116156</subfield>
      <subfield code="0">(DE-588)102116156</subfield>
      <subfield code="0">https://d-nb.info/gnd/102116156</subfield>
      <subfield code="a">Georg Wilhelm</subfield>
      <subfield code="c">Brandenburg, Kurfürst</subfield>
      <subfield code="d">1595-1640</subfield>
      <subfield code="4">bezf</subfield>
      <subfield code="4">https://d-nb.info/standards/elementset/gnd#familialRelationship</subfield>
      <subfield code="w">r</subfield>
      <subfield code="i">Beziehung familiaer</subfield>
      <subfield code="e">Beziehung familiaer</subfield>
      <subfield code="9">v:Vater</subfield>
    </datafield>
    <datafield tag="500" ind1="0" ind2=" ">
      <subfield code="0">(DE-101)120100320</subfield>
      <subfield code="0">(DE-588)120100320</subfield>
      <subfield code="0">https://d-nb.info/gnd/120100320</subfield>
      <subfield code="a">Elisabeth Charlotte</subfield>
      <subfield code="c">Brandenburg, Kurfürstin</subfield>
      <subfield code="d">1597-1660</subfield>
      <subfield code="4">bezf</subfield>
      <subfield code="4">https://d-nb.info/standards/elementset/gnd#familialRelationship</subfield>
      <subfield code="w">r</subfield>
      <subfield code="i">Beziehung familiaer</subfield>
      <subfield code="e">Beziehung familiaer</subfield>
      <subfield code="9">v:Mutter</subfield>
    </datafield>
    <datafield tag="500" ind1="0" ind2=" ">
      <subfield code="0">(DE-101)135569893</subfield>
      <subfield code="0">(DE-588)135569893</subfield>
      <subfield code="0">https://d-nb.info/gnd/135569893</subfield>
      <subfield code="a">Louise Charlotte</subfield>
      <subfield code="c">Kurland, Herzogin</subfield>
      <subfield code="d">1617-1676</subfield>
      <subfield code="4">bezf</subfield>
      <subfield code="4">https://d-nb.info/standards/elementset/gnd#familialRelationship</subfield>
      <subfield code="w">r</subfield>
      <subfield code="i">Beziehung familiaer</subfield>
      <subfield code="e">Beziehung familiaer</subfield>
      <subfield code="9">v:Schwester</subfield>
    </datafield>
    <datafield tag="500" ind1="0" ind2=" ">
      <subfield code="0">(DE-101)102324115</subfield>
      <subfield code="0">(DE-588)102324115</subfield>
      <subfield code="0">https://d-nb.info/gnd/102324115</subfield>
      <subfield code="a">Hedwig Sophie</subfield>
      <subfield code="c">Hessen-Kassel, Landgräfin</subfield>
      <subfield code="d">1623-1683</subfield>
      <subfield code="4">bezf</subfield>
      <subfield code="4">https://d-nb.info/standards/elementset/gnd#familialRelationship</subfield>
      <subfield code="w">r</subfield>
      <subfield code="i">Beziehung familiaer</subfield>
      <subfield code="e">Beziehung familiaer</subfield>
      <subfield code="9">v:Schwester</subfield>
    </datafield>
    <datafield tag="500" ind1="0" ind2=" ">
      <subfield code="0">(DE-101)136999921</subfield>
      <subfield code="0">(DE-588)136999921</subfield>
      <subfield code="0">https://d-nb.info/gnd/136999921</subfield>
      <subfield code="a">Johann Sigismund</subfield>
      <subfield code="c">Brandenburg, Markgraf</subfield>
      <subfield code="d">1624-1624</subfield>
      <subfield code="4">bezf</subfield>
      <subfield code="4">https://d-nb.info/standards/elementset/gnd#familialRelationship</subfield>
      <subfield code="w">r</subfield>
      <subfield code="i">Beziehung familiaer</subfield>
      <subfield code="e">Beziehung familiaer</subfield>
      <subfield code="9">v:Bruder</subfield>
    </datafield>
    <datafield tag="500" ind1="0" ind2=" ">
      <subfield code="0">(DE-101)118969080</subfield>
      <subfield code="0">(DE-588)118969080</subfield>
      <subfield code="0">https://d-nb.info/gnd/118969080</subfield>
      <subfield code="a">Luise Henriette</subfield>
      <subfield code="c">Brandenburg, Kurfürstin</subfield>
      <subfield code="d">1627-1667</subfield>
      <subfield code="4">bezf</subfield>
      <subfield code="4">https://d-nb.info/standards/elementset/gnd#familialRelationship</subfield>
      <subfield code="w">r</subfield>
      <subfield code="i">Beziehung familiaer</subfield>
      <subfield code="e">Beziehung familiaer</subfield>
      <subfield code="9">v:1. Ehefrau</subfield>
    </datafield>
    <datafield tag="500" ind1="0" ind2=" ">
      <subfield code="0">(DE-101)121123596</subfield>
      <subfield code="0">(DE-588)121123596</subfield>
      <subfield code="0">https://d-nb.info/gnd/121123596</subfield>
      <subfield code="a">Dorothea</subfield>
      <subfield code="c">Brandenburg, Kurfürstin</subfield>
      <subfield code="d">1636-1689</subfield>
      <subfield code="4">bezf</subfield>
      <subfield code="4">https://d-nb.info/standards/elementset/gnd#familialRelationship</subfield>
      <subfield code="w">r</subfield>
      <subfield code="i">Beziehung familiaer</subfield>
      <subfield code="e">Beziehung familiaer</subfield>
      <subfield code="9">v:2. Ehefrau</subfield>
    </datafield>
    <datafield tag="500" ind1="0" ind2=" ">
      <subfield code="0">(DE-101)118535730</subfield>
      <subfield code="0">(DE-588)118535730</subfield>
      <subfield code="0">https://d-nb.info/gnd/118535730</subfield>
      <subfield code="a">Friedrich</subfield>
      <subfield code="b">I.</subfield>
      <subfield code="c">Preußen, König</subfield>
      <subfield code="d">1657-1713</subfield>
      <subfield code="4">bezf</subfield>
      <subfield code="4">https://d-nb.info/standards/elementset/gnd#familialRelationship</subfield>
      <subfield code="w">r</subfield>
      <subfield code="i">Beziehung familiaer</subfield>
      <subfield code="e">Beziehung familiaer</subfield>
      <subfield code="9">v:Sohn</subfield>
    </datafield>
    <datafield tag="500" ind1="0" ind2=" ">
      <subfield code="0">(DE-101)135695538</subfield>
      <subfield code="0">(DE-588)135695538</subfield>
      <subfield code="0">https://d-nb.info/gnd/135695538</subfield>
      <subfield code="a">Christian Ludwig</subfield>
      <subfield code="c">Brandenburg, Markgraf</subfield>
      <subfield code="d">1677-1734</subfield>
      <subfield code="4">bezf</subfield>
      <subfield code="4">https://d-nb.info/standards/elementset/gnd#familialRelationship</subfield>
      <subfield code="w">r</subfield>
      <subfield code="i">Beziehung familiaer</subfield>
      <subfield code="e">Beziehung familiaer</subfield>
      <subfield code="9">v:Sohn</subfield>
    </datafield>
    <datafield tag="500" ind1="0" ind2=" ">
      <subfield code="0">(DE-101)104183284</subfield>
      <subfield code="0">(DE-588)104183284</subfield>
      <subfield code="0">https://d-nb.info/gnd/104183284</subfield>
      <subfield code="a">Karl Emil</subfield>
      <subfield code="c">Brandenburg, Kurprinz</subfield>
      <subfield code="d">1655-1674</subfield>
      <subfield code="4">bezf</subfield>
      <subfield code="4">https://d-nb.info/standards/elementset/gnd#familialRelationship</subfield>
      <subfield code="w">r</subfield>
      <subfield code="i">Beziehung familiaer</subfield>
      <subfield code="e">Beziehung familiaer</subfield>
      <subfield code="9">v:Sohn</subfield>
    </datafield>
    <datafield tag="500" ind1="0" ind2=" ">
      <subfield code="0">(DE-101)104183152</subfield>
      <subfield code="0">(DE-588)104183152</subfield>
      <subfield code="0">https://d-nb.info/gnd/104183152</subfield>
      <subfield code="a">Ludwig</subfield>
      <subfield code="c">Brandenburg, Markgraf</subfield>
      <subfield code="d">1666-1687</subfield>
      <subfield code="4">bezf</subfield>
      <subfield code="4">https://d-nb.info/standards/elementset/gnd#familialRelationship</subfield>
      <subfield code="w">r</subfield>
      <subfield code="i">Beziehung familiaer</subfield>
      <subfield code="e">Beziehung familiaer</subfield>
      <subfield code="9">v:Sohn</subfield>
    </datafield>
    <datafield tag="500" ind1="0" ind2=" ">
      <subfield code="0">(DE-101)128454938</subfield>
      <subfield code="0">(DE-588)128454938</subfield>
      <subfield code="0">https://d-nb.info/gnd/128454938</subfield>
      <subfield code="a">Wilhelm Heinrich</subfield>
      <subfield code="c">Brandenburg, Markgraf</subfield>
      <subfield code="d">1648-1649</subfield>
      <subfield code="4">bezf</subfield>
      <subfield code="4">https://d-nb.info/standards/elementset/gnd#familialRelationship</subfield>
      <subfield code="w">r</subfield>
      <subfield code="i">Beziehung familiaer</subfield>
      <subfield code="e">Beziehung familiaer</subfield>
      <subfield code="9">v:Sohn</subfield>
    </datafield>
    <datafield tag="500" ind1="0" ind2=" ">
      <subfield code="0">(DE-101)120182815</subfield>
      <subfield code="0">(DE-588)120182815</subfield>
      <subfield code="0">https://d-nb.info/gnd/120182815</subfield>
      <subfield code="a">Philipp Wilhelm</subfield>
      <subfield code="c">Brandenburg-Schwedt, Markgraf</subfield>
      <subfield code="d">1669-1711</subfield>
      <subfield code="4">bezf</subfield>
      <subfield code="4">https://d-nb.info/standards/elementset/gnd#familialRelationship</subfield>
      <subfield code="w">r</subfield>
      <subfield code="i">Beziehung familiaer</subfield>
      <subfield code="e">Beziehung familiaer</subfield>
      <subfield code="9">v:Sohn</subfield>
    </datafield>
    <datafield tag="500" ind1="0" ind2=" ">
      <subfield code="0">(DE-101)142574864</subfield>
      <subfield code="0">(DE-588)142574864</subfield>
      <subfield code="0">https://d-nb.info/gnd/142574864</subfield>
      <subfield code="a">Albrecht Friedrich</subfield>
      <subfield code="c">Preußen, Prinz</subfield>
      <subfield code="d">1672-1731</subfield>
      <subfield code="4">bezf</subfield>
      <subfield code="4">https://d-nb.info/standards/elementset/gnd#familialRelationship</subfield>
      <subfield code="w">r</subfield>
      <subfield code="i">Beziehung familiaer</subfield>
      <subfield code="e">Beziehung familiaer</subfield>
      <subfield code="9">v:Sohn</subfield>
    </datafield>
    <datafield tag="500" ind1="0" ind2=" ">
      <subfield code="0">(DE-101)120063174</subfield>
      <subfield code="0">(DE-588)120063174</subfield>
      <subfield code="0">https://d-nb.info/gnd/120063174</subfield>
      <subfield code="a">Karl</subfield>
      <subfield code="c">Brandenburg, Markgraf</subfield>
      <subfield code="d">1673-1695</subfield>
      <subfield code="4">bezf</subfield>
      <subfield code="4">https://d-nb.info/standards/elementset/gnd#familialRelationship</subfield>
      <subfield code="w">r</subfield>
      <subfield code="i">Beziehung familiaer</subfield>
      <subfield code="e">Beziehung familiaer</subfield>
      <subfield code="9">v:Sohn</subfield>
    </datafield>
    <datafield tag="500" ind1="0" ind2=" ">
      <subfield code="0">(DE-101)12302000X</subfield>
      <subfield code="0">(DE-588)12302000X</subfield>
      <subfield code="0">https://d-nb.info/gnd/12302000X</subfield>
      <subfield code="a">Elisabeth Sophie</subfield>
      <subfield code="c">Sachsen-Meiningen, Herzogin</subfield>
      <subfield code="d">1674-1748</subfield>
      <subfield code="4">bezf</subfield>
      <subfield code="4">https://d-nb.info/standards/elementset/gnd#familialRelationship</subfield>
      <subfield code="w">r</subfield>
      <subfield code="i">Beziehung familiaer</subfield>
      <subfield code="e">Beziehung familiaer</subfield>
      <subfield code="9">v:Tochter</subfield>
    </datafield>
    <datafield tag="548" ind1=" " ind2=" ">
      <subfield code="a">1620-1688</subfield>
      <subfield code="4">datl</subfield>
      <subfield code="4">https://d-nb.info/standards/elementset/gnd#dateOfBirthAndDeath</subfield>
      <subfield code="w">r</subfield>
      <subfield code="i">Lebensdaten</subfield>
    </datafield>
    <datafield tag="548" ind1=" " ind2=" ">
      <subfield code="a">16.02.1620-09.05.1688</subfield>
      <subfield code="4">datx</subfield>
      <subfield code="4">https://d-nb.info/standards/elementset/gnd#dateOfBirthAndDeath</subfield>
      <subfield code="w">r</subfield>
      <subfield code="i">Exakte Lebensdaten</subfield>
      <subfield code="9">v:gregorianisch</subfield>
    </datafield>
    <datafield tag="550" ind1=" " ind2=" ">
      <subfield code="0">(DE-101)041662032</subfield>
      <subfield code="0">(DE-588)4166203-9</subfield>
      <subfield code="0">https://d-nb.info/gnd/4166203-9</subfield>
      <subfield code="a">Kurfürst</subfield>
      <subfield code="4">adel</subfield>
      <subfield code="4">https://d-nb.info/standards/elementset/gnd#titleOfNobility</subfield>
      <subfield code="w">r</subfield>
      <subfield code="i">Adelstitel</subfield>
    </datafield>
    <datafield tag="551" ind1=" " ind2=" ">
      <subfield code="0">(DE-101)1001639863</subfield>
      <subfield code="0">(DE-588)16062584-1</subfield>
      <subfield code="0">https://d-nb.info/gnd/16062584-1</subfield>
      <subfield code="a">Cölln</subfield>
      <subfield code="g">Spree</subfield>
      <subfield code="4">ortg</subfield>
      <subfield code="4">https://d-nb.info/standards/elementset/gnd#placeOfBirth</subfield>
      <subfield code="w">r</subfield>
      <subfield code="i">Geburtsort</subfield>
    </datafield>
    <datafield tag="551" ind1=" " ind2=" ">
      <subfield code="0">(DE-101)040469484</subfield>
      <subfield code="0">(DE-588)4046948-7</subfield>
      <subfield code="0">https://d-nb.info/gnd/4046948-7</subfield>
      <subfield code="a">Potsdam</subfield>
      <subfield code="4">orts</subfield>
      <subfield code="4">https://d-nb.info/standards/elementset/gnd#placeOfDeath</subfield>
      <subfield code="w">r</subfield>
      <subfield code="i">Sterbeort</subfield>
    </datafield>
    <datafield tag="667" ind1=" " ind2=" ">
      <subfield code="a">3</subfield>
    </datafield>
    <datafield tag="667" ind1=" " ind2=" ">
      <subfield code="a">VD-18</subfield>
    </datafield>
    <datafield tag="667" ind1=" " ind2=" ">
      <subfield code="a">NDSBIO</subfield>
    </datafield>
    <datafield tag="667" ind1=" " ind2=" ">
      <subfield code="a">12</subfield>
    </datafield>
    <datafield tag="667" ind1=" " ind2=" ">
      <subfield code="a">7</subfield>
    </datafield>
    <datafield tag="667" ind1=" " ind2=" ">
      <subfield code="a">384</subfield>
    </datafield>
    <datafield tag="667" ind1=" " ind2=" ">
      <subfield code="a">VD-17</subfield>
    </datafield>
    <datafield tag="670" ind1=" " ind2=" ">
      <subfield code="a">LCAuth</subfield>
    </datafield>
    <datafield tag="670" ind1=" " ind2=" ">
      <subfield code="a">Europ. Stammtafeln Bd. I, Taf. 62</subfield>
    </datafield>
    <datafield tag="670" ind1=" " ind2=" ">
      <subfield code="a">MGG</subfield>
    </datafield>
    <datafield tag="670" ind1=" " ind2=" ">
      <subfield code="a">DBA, I 350,89;II 406,234-293;III 266,331-358</subfield>
    </datafield>
    <datafield tag="670" ind1=" " ind2=" ">
      <subfield code="a">Munzinger-Archiv</subfield>
    </datafield>
    <datafield tag="670" ind1=" " ind2=" ">
      <subfield code="a">Supellex epistolica Uffenbachii et Wolfiorum = Katalog der Uffenbach-Wolfschen Briefsammlung / hrsg. u. bearb. von Nilüfer Krüger. - Hamburg : Hauswedell, 1978. 2 Bde. - (Katalog der Handschriften der Staats- und Universitätsbibliothek Hamburg ; 8)</subfield>
    </datafield>
    <datafield tag="670" ind1=" " ind2=" ">
      <subfield code="a">NDB/ADB</subfield>
      <subfield code="u">https://www.deutsche-biographie.de/gnd11853596X.html#ndbcontent</subfield>
    </datafield>
    <datafield tag="670" ind1=" " ind2=" ">
      <subfield code="a">Wikipedia</subfield>
      <subfield code="u">https://de.wikipedia.org/wiki/Friedrich_Wilhelm_(Brandenburg)</subfield>
    </datafield>
    <datafield tag="672" ind1=" " ind2="0">
      <subfield code="a">Mandat- und Vermahnungs-Schreiben an die Ritterschafft ..</subfield>
      <subfield code="f">1651</subfield>
    </datafield>
    <datafield tag="672" ind1=" " ind2="0">
      <subfield code="a">Revidierte Accis-Ordnung im Fürstenthumb Halberstadt</subfield>
      <subfield code="f">1676</subfield>
    </datafield>
    <datafield tag="672" ind1=" " ind2="0">
      <subfield code="a">A letter from the Duke of Brandenburg</subfield>
      <subfield code="f">1680</subfield>
    </datafield>
    <datafield tag="672" ind1=" " ind2="0">
      <subfield code="a">Mandat- und Vermahnungs-Schreiben ..</subfield>
      <subfield code="f">1651</subfield>
    </datafield>
    <datafield tag="678" ind1=" " ind2=" ">
      <subfield code="b">Kurfürst von Brandenburg und Herzog in Preußen; regierte ab 1640</subfield>
    </datafield>
    <datafield tag="913" ind1=" " ind2=" ">
      <subfield code="S">pnd</subfield>
      <subfield code="i">5</subfield>
      <subfield code="a">Friedrich Wilhelm &lt;Brandenburg, Kurfürst&gt;</subfield>
      <subfield code="0">(DE-588a)11853596X</subfield>
    </datafield>
    <datafield tag="913" ind1=" " ind2=" ">
      <subfield code="S">pnd</subfield>
      <subfield code="i">5</subfield>
      <subfield code="a">Friedrich Wilhelm &lt;Brandenburg, Kurfürst&gt;</subfield>
      <subfield code="0">(DE-588a)186770626</subfield>
    </datafield>
  </record>
